@article{FRENCH19873,
title = "Expected stock returns and volatility",
journal = "Journal of Financial Economics",
volume = "19",
number = "1",
pages = "3 - 29",
year = "1987",
issn = "0304-405X",
doi = "https://doi.org/10.1016/0304-405X(87)90026-2",
url = "http://www.sciencedirect.com/science/article/pii/0304405X87900262",
author = "Kenneth R. French and G.William Schwert and Robert F. Stambaugh"
}