@article{CAMPBELL1987373,
title = "Stock returns and the term structure",
journal = "Journal of Financial Economics",
volume = "18",
number = "2",
pages = "373 - 399",
year = "1987",
issn = "0304-405X",
doi = "https://doi.org/10.1016/0304-405X(87)90045-6",
url = "http://www.sciencedirect.com/science/article/pii/0304405X87900456",
author = "John Y. Campbell"
}