@article{ANG2002443,
title = "Asymmetric correlations of equity portfolios",
journal = "Journal of Financial Economics",
volume = "63",
number = "3",
pages = "443 - 494",
year = "2002",
issn = "0304-405X",
doi = "https://doi.org/10.1016/S0304-405X(02)00068-5",
url = "http://www.sciencedirect.com/science/article/pii/S0304405X02000685",
author = "Andrew Ang and Joseph Chen",
keywords = "Stock return asymmetries, Correlation, Dispersion, Model bias, GARCH, Jump model, Regime-switching"
}