
@article{traflet_own_2003,
	title = {“{Own} {Your} {Share} of {American} {Business}”: {Public} {Relations} at the {NYSE} during the {Cold} {War}},
	volume = {I},
	url = {http://www.thebhc.org/sites/default/files/Traflet_0.pdf},
	language = {en},
	urldate = {2018-08-30},
	journal = {Business and Economic History Online},
	author = {Traflet, Janice},
	year = {2003},
	pages = {21},
	file = {Traflet - “Own Your Share of American Business” Public Rela.pdf:/home/jeramia/.zotero/zotero/fb5ioud9.default/zotero/storage/IJE348DZ/Traflet - “Own Your Share of American Business” Public Rela.pdf:application/pdf}
}

@article{noauthor_investment_1964,
	chapter = {Archives},
	title = {{INVESTMENT} {PLAN} {MAKING} {COMEBACK}; {Big} {Board}'s {M}.{I}.{P}. {Registers} {Gains} for {Half}‐{Year}},
	issn = {0362-4331},
	url = {https://www.nytimes.com/1964/07/12/archives/investment-plan-making-comeback-big-boards-mip-registers-gains-for.html},
	abstract = {NYSE's Monthly Investment Plan seen in growth spurt after long lag; 28,208 new accts opened, Jan-June, record for any 1/2-yr period since its inception in '54; 107,160 accts now active, over 67,000 of these handled by Merrill Lynch; co held mainly responsible for plan's gains, especially new variations it offered last Jan; details},
	language = {en-US},
	urldate = {2018-08-30},
	journal = {The New York Times},
	month = jul,
	year = {1964},
	keywords = {Investment Trends and Outlook, Stocks and Bonds},
	file = {Snapshot:/home/jeramia/.zotero/zotero/fb5ioud9.default/zotero/storage/BPINTNAX/investment-plan-making-comeback-big-boards-mip-registers-gains-for.html:text/html}
}